<?xml version='1.0' encoding='utf-8'?>
<record xmlns="http://www.loc.gov/MARC21/slim" xmlns:xsi="http://www.w3.org/2001/XMLSchema-instance">
  <leader>00000nac^a22001812^^4500</leader>
  <controlfield tag="001">003959339</controlfield>
  <controlfield tag="005">20150827174343.0</controlfield>
  <controlfield tag="008">980305nuuuuuuuuxx^^^^^^^^^^^^000^0^fin^d</controlfield>
  <datafield tag="035" ind1=" " ind2=" ">
    <subfield code="a">(OCoLC)77699099</subfield>
  </datafield>
  <datafield tag="040" ind1=" " ind2=" ">
    <subfield code="a">MiU-H</subfield>
    <subfield code="c">MiU-H</subfield>
  </datafield>
  <datafield tag="245" ind1="0" ind2="0">
    <subfield code="a">Finns in America :</subfield>
    <subfield code="b">printed materials related to the Finns in America, and their temperance, religious, educational, labor, and other activities.</subfield>
  </datafield>
  <datafield tag="260" ind1=" " ind2=" ">
    <subfield code="c">ca. 1914-1977.</subfield>
  </datafield>
  <datafield tag="300" ind1=" " ind2=" ">
    <subfield code="a">2 linear ft.</subfield>
  </datafield>
  <datafield tag="555" ind1="0" ind2=" ">
    <subfield code="a">Finding aid in the library.</subfield>
  </datafield>
  <datafield tag="555" ind1="0" ind2=" ">
    <subfield code="a">Finding aid available via World Wide Web at URL: http://quod.lib.umich.edu/cgi/f/findaid/findaid-idx?c=bhlead&amp;idno=umich-bhl-2009139</subfield>
  </datafield>
  <datafield tag="650" ind1=" " ind2="0">
    <subfield code="a">Finnish Americans.</subfield>
  </datafield>
  <datafield tag="856" ind1="4" ind2="2">
    <subfield code="3">Finding aid:</subfield>
    <subfield code="u">http://quod.lib.umich.edu/cgi/f/findaid/findaid-idx?c=bhlead&amp;idno=umich-bhl-2009131</subfield>
  </datafield>
  <datafield tag="852" ind1="8" ind2=" ">
    <subfield code="a">MiU-H</subfield>
    <subfield code="b">BENT</subfield>
    <subfield code="h">2009131 Aa 2 [Box 1]</subfield>
  </datafield>
  <datafield tag="852" ind1="8" ind2=" ">
    <subfield code="a">MiU-H</subfield>
    <subfield code="b">BENT</subfield>
    <subfield code="h">2009131 Aa 2 [Box 2]</subfield>
  </datafield>
  <datafield tag="997" ind1=" " ind2=" ">
    <subfield code="a">MARS</subfield>
  </datafield>
  <datafield tag="998" ind1=" " ind2=" ">
    <subfield code="c">LAC</subfield>
  </datafield>
  <datafield tag="955" ind1=" " ind2=" ">
    <subfield code="b">BENT</subfield>
    <subfield code="p">39015071737576</subfield>
    <subfield code="z">Bogdanoff, Orvo, and Ismo Söderling.  "I Feel such a Longing...": Finnish-American Postcards Exhibition Catalog.  Turku, Finland: Institute of Migration, 1988.</subfield>
  </datafield>
  <datafield tag="955" ind1=" " ind2=" ">
    <subfield code="b">BENT</subfield>
    <subfield code="p">39015071737584</subfield>
    <subfield code="z">Delaware 350: The Beginning of Finnish Migration to the New World: Exhibition Catalogue. Turku, Finland: Institute of Migration, 1988.</subfield>
  </datafield>
  <datafield tag="955" ind1=" " ind2=" ">
    <subfield code="b">BENT</subfield>
    <subfield code="p">39015071737592</subfield>
    <subfield code="z">Suomi-Opiston Viesti.  [The Message of Suomi College]     No. 2/1972.   Hancock, Mich. 1972  (a bulletin, 3-4 times a year)</subfield>
  </datafield>
  <datafield tag="955" ind1=" " ind2=" ">
    <subfield code="b">BENT</subfield>
    <subfield code="p">39015071737600</subfield>
    <subfield code="z">Suomi College Bulletin.  Hancock, Mich. 1962, no. 2</subfield>
  </datafield>
  <datafield tag="955" ind1=" " ind2=" ">
    <subfield code="b">BENT</subfield>
    <subfield code="p">39015071737618</subfield>
    <subfield code="z">Suomi College Bulletin.  Hancock, Mich. 1961, no. 4</subfield>
  </datafield>
  <datafield tag="955" ind1=" " ind2=" ">
    <subfield code="b">BENT</subfield>
    <subfield code="p">39015071737626</subfield>
    <subfield code="z">Suomi College Bulletin.  Hancock, Mich. 1961, no. 3</subfield>
  </datafield>
  <datafield tag="955" ind1=" " ind2=" ">
    <subfield code="b">BENT</subfield>
    <subfield code="p">39015071737634</subfield>
    <subfield code="z">Suomi College Bulletin.  Hancock, Mich. 1961, no. 2</subfield>
  </datafield>
  <datafield tag="955" ind1=" " ind2=" ">
    <subfield code="b">BENT</subfield>
    <subfield code="p">39015071737642</subfield>
    <subfield code="z">Suomi College Bulletin.  Hancock, Mich. 1955, no. 4</subfield>
  </datafield>
  <datafield tag="955" ind1=" " ind2=" ">
    <subfield code="b">BENT</subfield>
    <subfield code="p">39015071737659</subfield>
    <subfield code="z">Suomi College Bulletin.  Hancock, Mich. 1961, no. 1</subfield>
  </datafield>
  <datafield tag="955" ind1=" " ind2=" ">
    <subfield code="b">BENT</subfield>
    <subfield code="p">39015071737667</subfield>
    <subfield code="z">Suomi College Bulletin.  Hancock, Mich. 1960, no. 4</subfield>
  </datafield>
  <datafield tag="955" ind1=" " ind2=" ">
    <subfield code="b">BENT</subfield>
    <subfield code="p">39015071737675</subfield>
    <subfield code="z">Suomi College Bulletin.  Hancock, Mich. 1957, no. 4</subfield>
  </datafield>
  <datafield tag="955" ind1=" " ind2=" ">
    <subfield code="b">BENT</subfield>
    <subfield code="p">39015071737683</subfield>
    <subfield code="z">Suomi College Bulletin.  Hancock, Mich. 1960, no. 3</subfield>
  </datafield>
  <datafield tag="955" ind1=" " ind2=" ">
    <subfield code="b">BENT</subfield>
    <subfield code="p">39015071737691</subfield>
    <subfield code="z">Suomi College Bulletin.  Hancock, Mich. 1960, no. 2</subfield>
  </datafield>
  <datafield tag="955" ind1=" " ind2=" ">
    <subfield code="b">BENT</subfield>
    <subfield code="p">39015071737709</subfield>
    <subfield code="z">Suomi College Bulletin.  Hancock, Mich. 1960, no. 1</subfield>
  </datafield>
  <datafield tag="955" ind1=" " ind2=" ">
    <subfield code="b">BENT</subfield>
    <subfield code="p">39015071737717</subfield>
    <subfield code="z">Suomi College Bulletin.  Hancock, Mich. 1959, no. 4</subfield>
  </datafield>
  <datafield tag="955" ind1=" " ind2=" ">
    <subfield code="b">BENT</subfield>
    <subfield code="p">39015071737725</subfield>
    <subfield code="z">Suomi College Bulletin.  Hancock, Mich. 1959, no. 3</subfield>
  </datafield>
  <datafield tag="955" ind1=" " ind2=" ">
    <subfield code="b">BENT</subfield>
    <subfield code="p">39015071737733</subfield>
    <subfield code="z">Suomi College Bulletin.  Hancock, Mich. 1959, no. 2</subfield>
  </datafield>
  <datafield tag="955" ind1=" " ind2=" ">
    <subfield code="b">BENT</subfield>
    <subfield code="p">39015071737741</subfield>
    <subfield code="z">Suomi College Bulletin.  Hancock, Mich. 1959, no. 1</subfield>
  </datafield>
  <datafield tag="955" ind1=" " ind2=" ">
    <subfield code="b">BENT</subfield>
    <subfield code="p">39015071737758</subfield>
    <subfield code="z">Suomi College Bulletin.  Hancock, Mich. 1958, no. 4</subfield>
  </datafield>
  <datafield tag="955" ind1=" " ind2=" ">
    <subfield code="b">BENT</subfield>
    <subfield code="p">39015071737766</subfield>
    <subfield code="z">Suomi College Bulletin.  Hancock, Mich. 1958, no. 3</subfield>
  </datafield>
  <datafield tag="955" ind1=" " ind2=" ">
    <subfield code="b">BENT</subfield>
    <subfield code="p">39015071737774</subfield>
    <subfield code="z">Suomi College Bulletin.  Hancock, Mich. 1958, no. 2</subfield>
  </datafield>
  <datafield tag="955" ind1=" " ind2=" ">
    <subfield code="b">BENT</subfield>
    <subfield code="p">39015071737782</subfield>
    <subfield code="z">Suomi College Bulletin.  Hancock, Mich. 1958, no. 1</subfield>
  </datafield>
  <datafield tag="955" ind1=" " ind2=" ">
    <subfield code="b">BENT</subfield>
    <subfield code="p">39015071737790</subfield>
    <subfield code="z">Suomi College Bulletin.  Hancock, Mich. 1957, no. 3</subfield>
  </datafield>
  <datafield tag="955" ind1=" " ind2=" ">
    <subfield code="b">BENT</subfield>
    <subfield code="p">39015071737808</subfield>
    <subfield code="z">Suomi College Bulletin.  Hancock, Mich. 1957, no. 2</subfield>
  </datafield>
  <datafield tag="955" ind1=" " ind2=" ">
    <subfield code="b">BENT</subfield>
    <subfield code="p">39015071737816</subfield>
    <subfield code="z">Suomi College Bulletin.  Hancock, Mich. 1956, no. 3</subfield>
  </datafield>
  <datafield tag="955" ind1=" " ind2=" ">
    <subfield code="b">BENT</subfield>
    <subfield code="p">39015071737824</subfield>
    <subfield code="z">Suomi College Bulletin.  Hancock, Mich. 1956, no. 2</subfield>
  </datafield>
  <datafield tag="955" ind1=" " ind2=" ">
    <subfield code="b">BENT</subfield>
    <subfield code="p">39015071737832</subfield>
    <subfield code="z">Suomi College Bulletin.  Hancock, Mich. 1956, no. 1</subfield>
  </datafield>
  <datafield tag="955" ind1=" " ind2=" ">
    <subfield code="b">BENT</subfield>
    <subfield code="p">39015071737840</subfield>
    <subfield code="z">Suomi College Bulletin.  Hancock, Mich. 1955, no. 3</subfield>
  </datafield>
  <datafield tag="955" ind1=" " ind2=" ">
    <subfield code="b">BENT</subfield>
    <subfield code="p">39015071737857</subfield>
    <subfield code="z">Suomi College Bulletin.  Hancock, Mich. 1955, no. 2</subfield>
  </datafield>
  <datafield tag="955" ind1=" " ind2=" ">
    <subfield code="b">BENT</subfield>
    <subfield code="p">39015071737865</subfield>
    <subfield code="z">Suomi College Bulletin.  Hancock, Mich. 1955, no. 1</subfield>
  </datafield>
  <datafield tag="955" ind1=" " ind2=" ">
    <subfield code="b">BENT</subfield>
    <subfield code="p">39015071737873</subfield>
    <subfield code="z">Korkiasaari, Jouni.  Suomalaiset Maailmalla.  Turku: Siirtolaisuusinstituutti-Migrationsinstitutet, 1989.</subfield>
  </datafield>
  <datafield tag="955" ind1=" " ind2=" ">
    <subfield code="b">BENT</subfield>
    <subfield code="p">39015071737881</subfield>
    <subfield code="z">Söderling, Ismo.  Maassamuuton Ulottuvuudet.  Turku: Turun Yliopisto, 1988.</subfield>
  </datafield>
  <datafield tag="955" ind1=" " ind2=" ">
    <subfield code="b">BENT</subfield>
    <subfield code="p">39015071737899</subfield>
    <subfield code="z">Virtanen, Keijo.  Pohjois-Amerikassa olevien suomalaisten siirtolaisten ja kotimaan yhteydet 1900-luvulla.  From:  Eripainos Tornionlaakson Vuosikirjasta, 1981.  (5574)</subfield>
  </datafield>
  <datafield tag="955" ind1=" " ind2=" ">
    <subfield code="b">BENT</subfield>
    <subfield code="p">39015071737907</subfield>
    <subfield code="z">Kolehmainen, John I.  Epic of the north:  the story of Finland's Kalevala.  New York Mills, Minn., 1973. (6640)</subfield>
  </datafield>
  <datafield tag="955" ind1=" " ind2=" ">
    <subfield code="b">BENT</subfield>
    <subfield code="p">39015071737915</subfield>
    <subfield code="z">Lukukirja Amerikan suomalaisille lapsille II .  Toimittaneet Alma Haapanen, Lydia Kangas, K.H. Mannerkorpi, Miina Perttula, B.V. Rautanen.  [Textbook for Finnish-American Children.  Edited by Alma</subfield>
  </datafield>
  <datafield tag="955" ind1=" " ind2=" ">
    <subfield code="b">BENT</subfield>
    <subfield code="p">39015071737923</subfield>
    <subfield code="z">Lukukirja Amerikan suomalaisille lapsille I .  Toimittaneet Alma Haapanen, Lydia Kangas, K.H. Mannerkorpi, Miina Perttula, B.V. Rautanen.  [Textbook for Finnish-American Children.  Edited by Alma</subfield>
  </datafield>
  <datafield tag="955" ind1=" " ind2=" ">
    <subfield code="b">BENT</subfield>
    <subfield code="p">39015071737931</subfield>
    <subfield code="z">Aho, G.A. Umpuja. [Buds].  Ironwood, Mich., 1920.</subfield>
  </datafield>
  <datafield tag="955" ind1=" " ind2=" ">
    <subfield code="b">BENT</subfield>
    <subfield code="p">39015071737949</subfield>
    <subfield code="z">Köyhälistön nuija.  [The Hammer of the Proletariat] No. VI/1912.  Hancock, Mich. 1912. (a Marxist annual:  articles, poetry)</subfield>
  </datafield>
  <datafield tag="955" ind1=" " ind2=" ">
    <subfield code="b">BENT</subfield>
    <subfield code="p">39015071737956</subfield>
    <subfield code="z">Lahtinen, William, ed.  50 vuoden varrelta.  [The Past 50 Years].  Superior, Wis., 1953. (the history of Työmies (Workingman) newspaper, a Communist Finnish newspaper in America)</subfield>
  </datafield>
  <datafield tag="955" ind1=" " ind2=" ">
    <subfield code="b">BENT</subfield>
    <subfield code="p">39015071737964</subfield>
    <subfield code="z">Kolehmainen, John I., Sow the Golden Seed:  A History of the Fitchburg (Massachussetts) Finnish-American Newspaper Raivaaja (The Pioneer) 1905-1955.  Fitchburg, Mass. 1955.</subfield>
  </datafield>
  <datafield tag="955" ind1=" " ind2=" ">
    <subfield code="b">BENT</subfield>
    <subfield code="p">39015071737972</subfield>
    <subfield code="z">Alanne, V.S., Kuluttajaosuustoiminnan perusteet.  [The Basic Features of the Co-operative Movement] Superior, Wis. 1937.</subfield>
  </datafield>
  <datafield tag="955" ind1=" " ind2=" ">
    <subfield code="b">BENT</subfield>
    <subfield code="p">39015071737980</subfield>
    <subfield code="z">van Cleef, Eugene, Finland - the Republic Farthest North.  The Response of Finnish Life to its Geographic Environment. (one chapter on Finnish immigration)</subfield>
  </datafield>
  <datafield tag="955" ind1=" " ind2=" ">
    <subfield code="b">BENT</subfield>
    <subfield code="p">39015071737998</subfield>
    <subfield code="z">Manual of the United States.  For the Information of Immigrants.  Washington, D.C. 1921</subfield>
  </datafield>
  <datafield tag="955" ind1=" " ind2=" ">
    <subfield code="b">BENT</subfield>
    <subfield code="p">39015071738004</subfield>
    <subfield code="z">Ilmonen, S.  John Morton.  Signer of the Declaration of Independence of the United States of America.  Translated by John Wargelin.  Hancock, Mich. 1937.</subfield>
  </datafield>
  <datafield tag="955" ind1=" " ind2=" ">
    <subfield code="b">BENT</subfield>
    <subfield code="p">39015071738012</subfield>
    <subfield code="z">Syyslehti.  Suomi-Raamattukoulu.  [The Autumn Paper.  Suomi-Bible School 1928] Hancock, Mich. 1928 (the Bible school of Suomi College 1927-28; essays)</subfield>
  </datafield>
  <datafield tag="955" ind1=" " ind2=" ">
    <subfield code="b">BENT</subfield>
    <subfield code="p">39015071738020</subfield>
    <subfield code="z">Kansanvalistus-Seuran Kalenteri.  [The Calendar of the People's Education Society] 1905 .I.  Brooklyn, NY 1905.(almanac, statistics, articles)</subfield>
  </datafield>
  <datafield tag="955" ind1=" " ind2=" ">
    <subfield code="b">BENT</subfield>
    <subfield code="p">39015071738038</subfield>
    <subfield code="z">Virtanen, Keijo.  The migration of Finnish-Americans to Florida after World War II.  From:  Turun Historiallinen Arkisto 31, 1976.</subfield>
  </datafield>
  <datafield tag="955" ind1=" " ind2=" ">
    <subfield code="b">BENT</subfield>
    <subfield code="p">39015071738046</subfield>
    <subfield code="z">Arminen, K.V., English and Finnish Dictionary.  Third, revised edition.  Hancock, Mich. 1914.</subfield>
  </datafield>
  <datafield tag="955" ind1=" " ind2=" ">
    <subfield code="b">BENT</subfield>
    <subfield code="p">39015071738053</subfield>
    <subfield code="z">Suomian 1949.  Suomi College, Hancock, Michigan.</subfield>
  </datafield>
  <datafield tag="955" ind1=" " ind2=" ">
    <subfield code="b">BENT</subfield>
    <subfield code="p">39015071738061</subfield>
    <subfield code="z">Ruokasmake, John, Tunnetko Jumalaa luomisen töissä?  [Do You Know Your God?]  Hancock, Mich. 1932. (religious novel)</subfield>
  </datafield>
  <datafield tag="955" ind1=" " ind2=" ">
    <subfield code="b">BENT</subfield>
    <subfield code="p">39015071738079</subfield>
    <subfield code="z">Hillilä, Hugo, Valinkauhassa.  [The Choice].  Hancock, Mich. 1950. (religious poetry)</subfield>
  </datafield>
  <datafield tag="955" ind1=" " ind2=" ">
    <subfield code="b">BENT</subfield>
    <subfield code="p">39015071738087</subfield>
    <subfield code="z">Hillalä, Hugo, Tuokiokuvia II.  [Moments II] Hancock, Mich. 1944. (poetry)</subfield>
  </datafield>
  <datafield tag="955" ind1=" " ind2=" ">
    <subfield code="b">BENT</subfield>
    <subfield code="p">39015071738095</subfield>
    <subfield code="z">Hillilä, Hugo, [t.p. missing.  Possibly Tuokiokuvia] n.p. 1917. (poetry)</subfield>
  </datafield>
  <datafield tag="955" ind1=" " ind2=" ">
    <subfield code="b">BENT</subfield>
    <subfield code="p">39015071738103</subfield>
    <subfield code="z">"Koivun Visa," Rauniola Suomesta ja Amerikasta.  [Rauniola from Finland and America].  Hancock, Mich.  1915. (novel)</subfield>
  </datafield>
  <datafield tag="955" ind1=" " ind2=" ">
    <subfield code="b">BENT</subfield>
    <subfield code="p">39015071738111</subfield>
    <subfield code="z">Doyle, Conan., Verenimijän uhri.  Toinen-osa.  [The Victim of the Vampire.  Second Part.] Kaleva, Mich. 1907. (a novel, translation)</subfield>
  </datafield>
  <datafield tag="955" ind1=" " ind2=" ">
    <subfield code="b">BENT</subfield>
    <subfield code="p">39015071738129</subfield>
    <subfield code="z">Finnish-American novel, No place, no date. (no title page)</subfield>
  </datafield>
  <datafield tag="955" ind1=" " ind2=" ">
    <subfield code="b">BENT</subfield>
    <subfield code="p">39015071738137</subfield>
    <subfield code="z">Jokai, Mauri, Hiuskihara. Historiallinen romaani.  [Hair. Historical Novel] Brooklyn, N.Y. 1899. (translation)</subfield>
  </datafield>
  <datafield tag="955" ind1=" " ind2=" ">
    <subfield code="b">BENT</subfield>
    <subfield code="p">39015071738145</subfield>
    <subfield code="z">Luoto, Lauri, Kamaran sankarit.  Valkosen leijonan metsästäjät.  II:nen osa.  [The Heroes of Kamara.  Hunters of the White Lion.  Part II.] Superior, Wis. 1927. (a novel describing the Finnish Civi</subfield>
  </datafield>
  <datafield tag="955" ind1=" " ind2=" ">
    <subfield code="b">BENT</subfield>
    <subfield code="p">39015071738152</subfield>
    <subfield code="z">Freytag, Gustav, Ingraban.  Historiallinen romaani.  [Ingrabam.  Historical Novel] Hancock, Mich. 1909. (translation)</subfield>
  </datafield>
  <datafield tag="955" ind1=" " ind2=" ">
    <subfield code="b">BENT</subfield>
    <subfield code="p">39015071738160</subfield>
    <subfield code="z">Nuori Suomi.  Amerikan suomalaisten joulualbumi IV.  Duluth, Minn. 1906.  Also, no. V, 1907. (Bound together)</subfield>
  </datafield>
  <datafield tag="955" ind1=" " ind2=" ">
    <subfield code="b">BENT</subfield>
    <subfield code="p">39015071738178</subfield>
    <subfield code="z">Parkkila, John.  Siirtolaisen kannel.  [The Immigrant's Harp].  Hancock, Mich. 1907.</subfield>
  </datafield>
  <datafield tag="955" ind1=" " ind2=" ">
    <subfield code="b">BENT</subfield>
    <subfield code="p">39015071738186</subfield>
    <subfield code="z">Johansson, Matti, Manifestin maininkeja.  [Waves of the Manifesto] Hancock, Mich. 1904. (poetry dealing with the Manifesto the Russians gave to Finland in 1899.  The purpose of the Manifesto was to bi</subfield>
  </datafield>
  <datafield tag="955" ind1=" " ind2=" ">
    <subfield code="b">BENT</subfield>
    <subfield code="p">39015071738194</subfield>
    <subfield code="z">"Koivun Visa," Rauniolta. Hancock, Mich. 1918. (religious poetry)</subfield>
  </datafield>
  <datafield tag="955" ind1=" " ind2=" ">
    <subfield code="b">BENT</subfield>
    <subfield code="p">39015071738202</subfield>
    <subfield code="z">Salonen, Alex., Rulkurin Rujilla.  Rokoelma runoja.  Hancock, Mich., 1902. (poetry (5722))</subfield>
  </datafield>
  <datafield tag="955" ind1=" " ind2=" ">
    <subfield code="b">BENT</subfield>
    <subfield code="p">39015071738210</subfield>
    <subfield code="z">Stevenson, R.L., Aarresaari.  [Treasure Island] Kaleva, Mich., 1904. (translation, novel)</subfield>
  </datafield>
  <datafield tag="955" ind1=" " ind2=" ">
    <subfield code="b">BENT</subfield>
    <subfield code="p">39015071738228</subfield>
    <subfield code="z">Cobb, Sylvanus, Jr., Itämaan helmi.  Kertomus. [The Pearl of the East] Second Printing.  Kaleva, Mich. 1907. (translation, novel)</subfield>
  </datafield>
  <datafield tag="955" ind1=" " ind2=" ">
    <subfield code="b">BENT</subfield>
    <subfield code="p">39015071738236</subfield>
    <subfield code="z">Haggard, H. Rider, Aarteen etsijät eli Sumun kansa.  [Treasure Hunters or People of the Fog].  New York Mills, Minn. 1902. (translation, novel) - translation, novel</subfield>
  </datafield>
  <datafield tag="955" ind1=" " ind2=" ">
    <subfield code="b">BENT</subfield>
    <subfield code="p">39015071738244</subfield>
    <subfield code="z">Andrejew, Leonid, Valhe.  [A Lie] Kaleva, Mich. 1907. (a short story, translation)</subfield>
  </datafield>
  <datafield tag="955" ind1=" " ind2=" ">
    <subfield code="b">BENT</subfield>
    <subfield code="p">39015071738251</subfield>
    <subfield code="z">Almanakka vuodeksi 1953.  [Almanac for 1953].  Hancock, Mich. 1952.</subfield>
  </datafield>
  <datafield tag="955" ind1=" " ind2=" ">
    <subfield code="b">BENT</subfield>
    <subfield code="p">39015071738269</subfield>
    <subfield code="z">Siionin kannel. 709-734 tuhat. 1961</subfield>
  </datafield>
  <datafield tag="955" ind1=" " ind2=" ">
    <subfield code="b">BENT</subfield>
    <subfield code="p">39015071738277</subfield>
    <subfield code="z">[Unidentified hymnal in Finnish, n.p., n.d.]</subfield>
  </datafield>
  <datafield tag="955" ind1=" " ind2=" ">
    <subfield code="b">BENT</subfield>
    <subfield code="p">39015071738285</subfield>
    <subfield code="z">Raittiuslaulukirja.  Raittiusjuhlia, huwimatkoja ja raittiuskokoukjia warten.  Hancock, Mich., 1899.</subfield>
  </datafield>
  <datafield tag="955" ind1=" " ind2=" ">
    <subfield code="b">BENT</subfield>
    <subfield code="p">39015071738293</subfield>
    <subfield code="z">Matkalla.  Taskulaulukirja.  [Traveling.  A Pocket Song Book] Hancock, Mich. 1918. (religious songs)</subfield>
  </datafield>
  <datafield tag="955" ind1=" " ind2=" ">
    <subfield code="b">BENT</subfield>
    <subfield code="p">39015071738301</subfield>
    <subfield code="z">Siionin lauluja.  Toimittanut Suomi-Synodi.  [Songs of Zion.  Edited by Suomi Synod] Second, revised edition.  Hancock, Mich. 1924. (religious songs)</subfield>
  </datafield>
  <datafield tag="955" ind1=" " ind2=" ">
    <subfield code="b">BENT</subfield>
    <subfield code="p">39015071738319</subfield>
    <subfield code="z">Immonen, Kari.  Talous, Kulttuuri ja kansainväliset suhteet. (University of Turku, 1979)</subfield>
  </datafield>
  <datafield tag="955" ind1=" " ind2=" ">
    <subfield code="b">BENT</subfield>
    <subfield code="p">39015071738327</subfield>
    <subfield code="z">Pulli, E.A., Sota Pohjan perillä.  Miksi Suomessa käytiin sotaa ja mitä sen aikana tapahtui.  [The War in the North.  Why There was a War and What Happened While It Lasted]  Duluth, Minn. 1940. (st</subfield>
  </datafield>
  <datafield tag="955" ind1=" " ind2=" ">
    <subfield code="b">BENT</subfield>
    <subfield code="p">39015071738335</subfield>
    <subfield code="z">"Munkki Iliodor," Venäjän keisarillisen perheen salaisuuksia.  [The Secrets of the Russian Tsarist Family]  Duluth, Minn. 1917. (translation)</subfield>
  </datafield>
  <datafield tag="955" ind1=" " ind2=" ">
    <subfield code="b">BENT</subfield>
    <subfield code="p">39015071738343</subfield>
    <subfield code="z">Sulkanen, Elis, Pysvvä rauha tai ihmiskunnan tuho.  Yhteis-kunnallinen tutkimus rauhan perusteista; suurvaltapolitiikka ja pienet maat.  Katsaus Suomen asemaan maailmansodan aikana.  [Lasting Peace o</subfield>
  </datafield>
  <datafield tag="955" ind1=" " ind2=" ">
    <subfield code="b">BENT</subfield>
    <subfield code="p">39015071738350</subfield>
    <subfield code="z">Suomalainen Virsikirja evankelis-luteerilaisille seruakunnille Suomessa ja Amerikan Yhdysvalloissa.  [Finnish Hymn Book for Evangelic-Lutheran Congregations in Finland and in the United States] Hancoc</subfield>
  </datafield>
  <datafield tag="955" ind1=" " ind2=" ">
    <subfield code="b">BENT</subfield>
    <subfield code="p">39015071738368</subfield>
    <subfield code="z">Suomen Evankelis-Lutherisen kirkon katekismus.  [The Official Textbook of the Finnish Evangelic-Lutheran Church] Hancock, Mich. 1929</subfield>
  </datafield>
  <datafield tag="955" ind1=" " ind2=" ">
    <subfield code="b">BENT</subfield>
    <subfield code="p">39015071738376</subfield>
    <subfield code="z">Suomen Evankelis-Lutherisen kirkon katekismus.  [The Official Textbook of the Finnish Evangelic-Lutheran Church] Hancock, Mich. 1918</subfield>
  </datafield>
  <datafield tag="955" ind1=" " ind2=" ">
    <subfield code="b">BENT</subfield>
    <subfield code="p">39015071738384</subfield>
    <subfield code="z">Suomalainen Virsikirja evankelis-lutherilaisille seurakunnille.  [Finnish Hymn Book for Evangelic-Lutheran Congregations]  Turku, Finland 1889.</subfield>
  </datafield>
  <datafield tag="955" ind1=" " ind2=" ">
    <subfield code="b">BENT</subfield>
    <subfield code="p">39015071738392</subfield>
    <subfield code="z">Raamatun tutkisteluja.  Ensimäinen osa.  Jumalallinen aikakausien suunnitelma.  [The Studies of the Bible.  First part.  A Plan for the Periods of God].  Brooklyn, N.Y. no date.</subfield>
  </datafield>
  <datafield tag="955" ind1=" " ind2=" ">
    <subfield code="b">BENT</subfield>
    <subfield code="p">39015071738400</subfield>
    <subfield code="z">Raamatun Historia.  Amerikan suomalaista nuorisoa varten.  Toimittanut J.K. Nikander. [The History of the Bible.  For the Finnish-American Youth.  Edited by J.K. Nikander] Hancock, Mich. 1915.</subfield>
  </datafield>
  <datafield tag="955" ind1=" " ind2=" ">
    <subfield code="b">BENT</subfield>
    <subfield code="p">39015071738418</subfield>
    <subfield code="z">Rutherford, J.F., Jumalan harppu.  Todistaa sitovasti, että miljoonat nykyisin elävistä eivät koskaan kuole.  Tekstikirja Raamatun tutkimista varten erikoisesti sovellettu aloittelijoille; lukuisi</subfield>
  </datafield>
  <datafield tag="955" ind1=" " ind2=" ">
    <subfield code="b">BENT</subfield>
    <subfield code="p">39015071738426</subfield>
    <subfield code="z">Wasunta, Arne.  Usko, rukous ja farisealaisuus [Faith, Prayer, and Pharisaism].  Ironwood, Mich., 1922.</subfield>
  </datafield>
  <datafield tag="955" ind1=" " ind2=" ">
    <subfield code="b">BENT</subfield>
    <subfield code="p">39015071738434</subfield>
    <subfield code="z">Torvinen, John.  Terveellinen oppi.  Calumet, Mich. 1938.</subfield>
  </datafield>
  <datafield tag="955" ind1=" " ind2=" ">
    <subfield code="b">BENT</subfield>
    <subfield code="p">39015071738442</subfield>
    <subfield code="z">Torvinen, John.  Jesus Kristus on tie syntisille uskon kautta vanhurskauteen, elämään ja rauhaan.  Hancock, Mich., [n.d.]</subfield>
  </datafield>
  <datafield tag="955" ind1=" " ind2=" ">
    <subfield code="b">BENT</subfield>
    <subfield code="p">39015071738459</subfield>
    <subfield code="z">Paananen, Emil J. Armoitettuja [The Blessed].  Hancock, Mich., [1947?].</subfield>
  </datafield>
  <datafield tag="955" ind1=" " ind2=" ">
    <subfield code="b">BENT</subfield>
    <subfield code="p">39015071738467</subfield>
    <subfield code="z">Kukkonen, Walter J. Onko koko maailma autuas?  Hancock, Mich., 1953.</subfield>
  </datafield>
  <datafield tag="955" ind1=" " ind2=" ">
    <subfield code="b">BENT</subfield>
    <subfield code="p">39015071738475</subfield>
    <subfield code="z">Kevät-Albumi 1902.  [Spring Album 1902] Hancock, Mich. 1902.</subfield>
  </datafield>
  <datafield tag="955" ind1=" " ind2=" ">
    <subfield code="b">BENT</subfield>
    <subfield code="p">39015071738483</subfield>
    <subfield code="z">Rauhankokous ja pääpiirteitä Amerikan suomalaisten raittiustyön historiasta.  [The Peace Meeting and Main Characteristics of the History of the Finnish-American Temperance Movement]  Hancock, Mich</subfield>
  </datafield>
  <datafield tag="955" ind1=" " ind2=" ">
    <subfield code="b">BENT</subfield>
    <subfield code="p">39015071738491</subfield>
    <subfield code="z">Kylvömailta.  Suomi-Synodin entisten ja nykyisten pappien saarnoja.  Toisen vuosikerran evankeliumiteksteista.  [From Sowing Fields.  Sermons of the Pastors of Suomi Synod]  Hancock, Mich. 1928.</subfield>
  </datafield>
  <datafield tag="955" ind1=" " ind2=" ">
    <subfield code="b">BENT</subfield>
    <subfield code="p">39015071738509</subfield>
    <subfield code="z">Helsinki University Library.  List of Finnish and foreign newspapers on microfilm. 1965.</subfield>
  </datafield>
  <datafield tag="955" ind1=" " ind2=" ">
    <subfield code="b">BENT</subfield>
    <subfield code="p">39015071738517</subfield>
    <subfield code="z">Joulu [Christmas] 1958.  Duluth, Minn. 1958. (Finnish-American independent Finnish language magazine)</subfield>
  </datafield>
  <datafield tag="955" ind1=" " ind2=" ">
    <subfield code="b">BENT</subfield>
    <subfield code="p">39015071738525</subfield>
    <subfield code="z">Nuorten Ystävä.  Omistettu Idän piirin Kr. Nuorisoyhdis-tyksille. 1921. [The Friend of Young People.  Dedicated to the</subfield>
  </datafield>
  <datafield tag="955" ind1=" " ind2=" ">
    <subfield code="b">BENT</subfield>
    <subfield code="p">39015071738533</subfield>
    <subfield code="z">Heräävä nuoriso.  [Young People Awakening] No. 12/1936.  Lapua, Finland. (religious periodical)</subfield>
  </datafield>
  <datafield tag="955" ind1=" " ind2=" ">
    <subfield code="b">BENT</subfield>
    <subfield code="p">39015071738541</subfield>
    <subfield code="z">Messiah Lutheran Church (Duluth, Minn.).  Church Directory.  Duluth, Minn. 1972.</subfield>
  </datafield>
  <datafield tag="955" ind1=" " ind2=" ">
    <subfield code="b">BENT</subfield>
    <subfield code="p">39015071738558</subfield>
    <subfield code="z">Nuorison ystävä.  [Young People's Friend] No. 4/1954.  Helsinki 1954. (religious periodical; essays)</subfield>
  </datafield>
  <datafield tag="955" ind1=" " ind2=" ">
    <subfield code="b">BENT</subfield>
    <subfield code="p">39015071738566</subfield>
    <subfield code="z">Isien kirkko.  Suomi-Synodin Ohio - Pa. piirin kevätjulkaisu 1929.  [The Church of Fathers.  The Spring Publication of Suomi Synod, Ohio - Pennsylvania District 1929]  Hancock, Mich. 1929. (religious</subfield>
  </datafield>
  <datafield tag="955" ind1=" " ind2=" ">
    <subfield code="b">BENT</subfield>
    <subfield code="p">39015071738574</subfield>
    <subfield code="z">Suomi-Konferenssin 5.  vuosijuhlat kesäkuun 16, 17, 18, 1967.  St. Ansgarin luterilainen kirkko, Lawrence Avenue, and Avenue Road, Toronto, Ontario, Canada.  [The 5th Anniversary Celebration of Suomi</subfield>
  </datafield>
  <datafield tag="955" ind1=" " ind2=" ">
    <subfield code="b">BENT</subfield>
    <subfield code="p">39015071738582</subfield>
    <subfield code="z">Luterilainen.  Luterilainen perhelehti.  [The Lutheran.  A Lutheran Family Magazine.  Christmas Number 1959] Lahti, Finland 1959</subfield>
  </datafield>
  <datafield tag="955" ind1=" " ind2=" ">
    <subfield code="b">BENT</subfield>
    <subfield code="p">39015071738590</subfield>
    <subfield code="z">Luterilainen.  Luterilainen perhelehti.  [The Lutheran.  A Lutheran Family Magazine.  Christmas Number 1957] Lahti, Finland 1957</subfield>
  </datafield>
  <datafield tag="955" ind1=" " ind2=" ">
    <subfield code="b">BENT</subfield>
    <subfield code="p">39015071738608</subfield>
    <subfield code="z">Suomi Kirkko 1891-1941.  Fairport Harbor, Ohio.  Riemuvuoden julkaisu.  [Suomi Church 1891-1941,  Fairport Harbor, Ohio.  Publication for the Jubilation Year].  Hancock, Mich. 1941.</subfield>
  </datafield>
  <datafield tag="955" ind1=" " ind2=" ">
    <subfield code="b">BENT</subfield>
    <subfield code="p">39015071738616</subfield>
    <subfield code="z">Valoa.  Amerikan suomalaisen raittiuskansan kesäjulkaisu 1944.  [Light.  The Summer Publication of Finnish-American Temperance People] n.p. 1944.</subfield>
  </datafield>
  <datafield tag="955" ind1=" " ind2=" ">
    <subfield code="b">BENT</subfield>
    <subfield code="p">39015071738624</subfield>
    <subfield code="z">Build and Grow.  Suomi Zion Lutheran Church.  Fairport Harbor, Ohio.  n.p., n.d. (a publication to get money for the new building)</subfield>
  </datafield>
  <datafield tag="955" ind1=" " ind2=" ">
    <subfield code="b">BENT</subfield>
    <subfield code="p">39015071738632</subfield>
    <subfield code="z">Suomi Zion Lutheran Church, Fairport Harbor, Ohio.  Annual Report 1961</subfield>
  </datafield>
  <datafield tag="955" ind1=" " ind2=" ">
    <subfield code="b">BENT</subfield>
    <subfield code="p">39015071738640</subfield>
    <subfield code="z">Suomi Zion Lutheran Church, Fairport Harbor, Ohio.  Annual Report 1957</subfield>
  </datafield>
  <datafield tag="955" ind1=" " ind2=" ">
    <subfield code="b">BENT</subfield>
    <subfield code="p">39015071738657</subfield>
    <subfield code="z">Suomi Zion Lutheran Church.  Fairport Harbor, Ohio.  Luther Center.  Dedication.  Sunday, September 29, 1957.  n.p. 1957.</subfield>
  </datafield>
  <datafield tag="955" ind1=" " ind2=" ">
    <subfield code="b">BENT</subfield>
    <subfield code="p">39015071738665</subfield>
    <subfield code="z">Nuorison kevät 1920.  I.A.S.E.L.K.N.Y:n liiton kevätjulkaisu.  [The Spring of Youth.  The Spring Publication of the League of Finnish Evangelical Lutheran Young People's Association of Eastern Ameri</subfield>
  </datafield>
  <datafield tag="955" ind1=" " ind2=" ">
    <subfield code="b">BENT</subfield>
    <subfield code="p">39015071738673</subfield>
    <subfield code="z">Pajala, Toivo, Eräs ajan merkki.  [A Sign of Today] Vancouver B.C. 1965. (religious essay)</subfield>
  </datafield>
  <datafield tag="955" ind1=" " ind2=" ">
    <subfield code="b">BENT</subfield>
    <subfield code="p">39015071738681</subfield>
    <subfield code="z">Sanansaattaja.  [The Apostle] No. 12/1961.  Helsinki 1961. (religious periodical; essays)</subfield>
  </datafield>
  <datafield tag="955" ind1=" " ind2=" ">
    <subfield code="b">BENT</subfield>
    <subfield code="p">39015071738699</subfield>
    <subfield code="z">The Lutheran Counselor.  Hancock, Mich.  June 1, 1962</subfield>
  </datafield>
  <datafield tag="955" ind1=" " ind2=" ">
    <subfield code="b">BENT</subfield>
    <subfield code="p">39015071738707</subfield>
    <subfield code="z">The Lutheran Counselor.  Hancock, Mich.  June 16, 1960 (Suomi Synod 70th Anniversary Issue)</subfield>
  </datafield>
  <datafield tag="955" ind1=" " ind2=" ">
    <subfield code="b">BENT</subfield>
    <subfield code="p">39015071738715</subfield>
    <subfield code="z">The Lutheran Counselor.  Hancock, Mich.  August 1, 1958</subfield>
  </datafield>
  <datafield tag="955" ind1=" " ind2=" ">
    <subfield code="b">BENT</subfield>
    <subfield code="p">39015071738723</subfield>
    <subfield code="z">The Lutheran Counselor.  Hancock, Mich.  July 16, 1958</subfield>
  </datafield>
  <datafield tag="955" ind1=" " ind2=" ">
    <subfield code="b">BENT</subfield>
    <subfield code="p">39015071738731</subfield>
    <subfield code="z">The Lutheran Counselor.  Hancock, Mich.  July 1, 1958</subfield>
  </datafield>
  <datafield tag="955" ind1=" " ind2=" ">
    <subfield code="b">BENT</subfield>
    <subfield code="p">39015071738756</subfield>
    <subfield code="z">Suomalainen.  Yhdysvaltain ja Canadan Suomi-konferenssin kuukausijulkaisu.  [The Finn.  Monthly Bulletin of Suomi Conference in USA and Canada] 9 Numbers:  Joulukuu 1964</subfield>
  </datafield>
  <datafield tag="955" ind1=" " ind2=" ">
    <subfield code="b">BENT</subfield>
    <subfield code="p">39015071738764</subfield>
    <subfield code="z">Suomalainen.  Yhdysvaltain ja Canadan Suomi-konferenssin kuukausijulkaisu.  [The Finn.  Monthly Bulletin of Suomi Conference in USA and Canada] 9 Numbers:  Toukokuu 1964</subfield>
  </datafield>
  <datafield tag="955" ind1=" " ind2=" ">
    <subfield code="b">BENT</subfield>
    <subfield code="p">39015071738772</subfield>
    <subfield code="z">Suomalainen.  Yhdysvaltain ja Canadan Suomi-konferenssin kuukausijulkaisu.  [The Finn.  Monthly Bulletin of Suomi Conference in USA and Canada] 9 Numbers:  Huhtikuu 1964</subfield>
  </datafield>
  <datafield tag="955" ind1=" " ind2=" ">
    <subfield code="b">BENT</subfield>
    <subfield code="p">39015071738780</subfield>
    <subfield code="z">Suomalainen.  Yhdysvaltain ja Canadan Suomi-konferenssin kuukausijulkaisu.  [The Finn.  Monthly Bulletin of Suomi Conference in USA and Canada] 9 Numbers:  Tammikuu 1964</subfield>
  </datafield>
  <datafield tag="955" ind1=" " ind2=" ">
    <subfield code="b">BENT</subfield>
    <subfield code="p">39015071738798</subfield>
    <subfield code="z">Suomalainen.  Yhdysvaltain ja Canadan Suomi-konferenssin kuukausijulkaisu.  [The Finn.  Monthly Bulletin of Suomi Conference in USA and Canada] 9 Numbers:  Heinakuu 1963</subfield>
  </datafield>
  <datafield tag="955" ind1=" " ind2=" ">
    <subfield code="b">BENT</subfield>
    <subfield code="p">39015071738806</subfield>
    <subfield code="z">Suomalainen.  Yhdysvaltain ja Canadan Suomi-konferenssin kuukausijulkaisu.  [The Finn.  Monthly Bulletin of Suomi Conference in USA and Canada] 9 Numbers:  Toukokuu 1963</subfield>
  </datafield>
  <datafield tag="955" ind1=" " ind2=" ">
    <subfield code="b">BENT</subfield>
    <subfield code="p">39015071738814</subfield>
    <subfield code="z">Suomalainen.  Yhdysvaltain ja Canadan Suomi-konferenssin kuukausijulkaisu.  [The Finn.  Monthly Bulletin of Suomi Conference in USA and Canada] 9 Numbers:  Huhtikuu 1963</subfield>
  </datafield>
  <datafield tag="955" ind1=" " ind2=" ">
    <subfield code="b">BENT</subfield>
    <subfield code="p">39015071738822</subfield>
    <subfield code="z">Suomalainen.  Yhdysvaltain ja Canadan Suomi-konferenssin kuukausijulkaisu.  [The Finn.  Monthly Bulletin of Suomi Conference in USA and Canada] 9 Numbers:  Helmikuu 1963</subfield>
  </datafield>
  <datafield tag="955" ind1=" " ind2=" ">
    <subfield code="b">BENT</subfield>
    <subfield code="p">39015071738830</subfield>
    <subfield code="z">Suomalainen.  Yhdysvaltain ja Canadan Suomi-konferenssin kuukausijulkaisu.  [The Finn.  Monthly Bulletin of Suomi Conference in USA and Canada] 9 Numbers:  Joulukuu 1962</subfield>
  </datafield>
  <datafield tag="955" ind1=" " ind2=" ">
    <subfield code="b">BENT</subfield>
    <subfield code="p">39015071738848</subfield>
    <subfield code="z">Kalevainen [The Kaleva People].  1961.  Hancock, Mich.; Brooklyn, N.Y. (a magazine for the Ladies and Knights of Kaleva)</subfield>
  </datafield>
  <datafield tag="955" ind1=" " ind2=" ">
    <subfield code="b">BENT</subfield>
    <subfield code="p">39015071738855</subfield>
    <subfield code="z">Kalevainen [The Kaleva People].  1960.  Hancock, Mich.; Brooklyn, N.Y. (a magazine for the Ladies and Knights of Kaleva)</subfield>
  </datafield>
  <datafield tag="955" ind1=" " ind2=" ">
    <subfield code="b">BENT</subfield>
    <subfield code="p">39015071738863</subfield>
    <subfield code="z">Kalevainen [The Kaleva People].  1958.  Hancock, Mich.; Brooklyn, N.Y. (a magazine for the Ladies and Knights of Kaleva)</subfield>
  </datafield>
  <datafield tag="955" ind1=" " ind2=" ">
    <subfield code="b">BENT</subfield>
    <subfield code="p">39015071738871</subfield>
    <subfield code="z">Kalevainen [The Kaleva People].  1957.  Hancock, Mich.; Brooklyn, N.Y. (a magazine for the Ladies and Knights of Kaleva)</subfield>
  </datafield>
  <datafield tag="955" ind1=" " ind2=" ">
    <subfield code="b">BENT</subfield>
    <subfield code="p">39015071738889</subfield>
    <subfield code="z">Kalevainen [The Kaleva People].  1956.  Hancock, Mich.; Brooklyn, N.Y. (a magazine for the Ladies and Knights of Kaleva)</subfield>
  </datafield>
  <datafield tag="955" ind1=" " ind2=" ">
    <subfield code="b">BENT</subfield>
    <subfield code="p">39015071738897</subfield>
    <subfield code="z">Kalevainen [The Kaleva People].  1954.  Hancock, Mich.; Brooklyn, N.Y. (a magazine for the Ladies and Knights of Kaleva)</subfield>
  </datafield>
  <datafield tag="955" ind1=" " ind2=" ">
    <subfield code="b">BENT</subfield>
    <subfield code="p">39015071738905</subfield>
    <subfield code="z">Kalevainen [The Kaleva People].  1947.  Hancock, Mich.; Brooklyn, N.Y. (a magazine for the Ladies and Knights of Kaleva)</subfield>
  </datafield>
  <datafield tag="955" ind1=" " ind2=" ">
    <subfield code="b">BENT</subfield>
    <subfield code="p">39015071738913</subfield>
    <subfield code="z">Kalevainen [The Kaleva People].  1944.  Hancock, Mich.; Brooklyn, N.Y. (a magazine for the Ladies and Knights of Kaleva)</subfield>
  </datafield>
  <datafield tag="955" ind1=" " ind2=" ">
    <subfield code="b">BENT</subfield>
    <subfield code="p">39015071738921</subfield>
    <subfield code="z">Kalevainen [The Kaleva People].  1943.  Hancock, Mich.; Brooklyn, N.Y. (a magazine for the Ladies and Knights of Kaleva)</subfield>
  </datafield>
  <datafield tag="955" ind1=" " ind2=" ">
    <subfield code="b">BENT</subfield>
    <subfield code="p">39015071738939</subfield>
    <subfield code="z">Kalevainen [The Kaleva People].  1941.  Hancock, Mich.; Brooklyn, N.Y. (a magazine for the Ladies and Knights of Kaleva)</subfield>
  </datafield>
  <datafield tag="955" ind1=" " ind2=" ">
    <subfield code="b">BENT</subfield>
    <subfield code="p">39015071738947</subfield>
    <subfield code="z">Kalevainen [The Kaleva People].  1939.  Hancock, Mich.; Brooklyn, N.Y. (a magazine for the Ladies and Knights of Kaleva)</subfield>
  </datafield>
  <datafield tag="955" ind1=" " ind2=" ">
    <subfield code="b">BENT</subfield>
    <subfield code="p">B1691449</subfield>
  </datafield>
  <datafield tag="955" ind1=" " ind2=" ">
    <subfield code="b">BENT</subfield>
    <subfield code="p">B2847496</subfield>
  </datafield>
  <controlfield tag="001">003959339</controlfield>
  <controlfield tag="005">20150827174343.0</controlfield>
  <controlfield tag="008">980305nuuuuuuuuxx^^^^^^^^^^^^000^0^fin^d</controlfield>
  <datafield tag="035" ind1=" " ind2=" ">
    <subfield code="a">(OCoLC)77699099</subfield>
  </datafield>
  <datafield tag="040" ind1=" " ind2=" ">
    <subfield code="a">MiU-H</subfield>
    <subfield code="c">MiU-H</subfield>
  </datafield>
  <datafield tag="245" ind1="0" ind2="0">
    <subfield code="a">Finns in America :</subfield>
    <subfield code="b">printed materials related to the Finns in America, and their temperance, religious, educational, labor, and other activities.</subfield>
  </datafield>
  <datafield tag="260" ind1=" " ind2=" ">
    <subfield code="c">ca. 1914-1977.</subfield>
  </datafield>
  <datafield tag="300" ind1=" " ind2=" ">
    <subfield code="a">2 linear ft.</subfield>
  </datafield>
  <datafield tag="555" ind1="0" ind2=" ">
    <subfield code="a">Finding aid in the library.</subfield>
  </datafield>
  <datafield tag="555" ind1="0" ind2=" ">
    <subfield code="a">Finding aid available via World Wide Web at URL: http://quod.lib.umich.edu/cgi/f/findaid/findaid-idx?c=bhlead&amp;idno=umich-bhl-2009139</subfield>
  </datafield>
  <datafield tag="650" ind1=" " ind2="0">
    <subfield code="a">Finnish Americans.</subfield>
  </datafield>
  <datafield tag="856" ind1="4" ind2="2">
    <subfield code="3">Finding aid:</subfield>
    <subfield code="u">http://quod.lib.umich.edu/cgi/f/findaid/findaid-idx?c=bhlead&amp;idno=umich-bhl-2009131</subfield>
  </datafield>
  <datafield tag="852" ind1="8" ind2=" ">
    <subfield code="a">MiU-H</subfield>
    <subfield code="b">BENT</subfield>
    <subfield code="h">2009131 Aa 2 [Box 1]</subfield>
  </datafield>
  <datafield tag="852" ind1="8" ind2=" ">
    <subfield code="a">MiU-H</subfield>
    <subfield code="b">BENT</subfield>
    <subfield code="h">2009131 Aa 2 [Box 2]</subfield>
  </datafield>
  <datafield tag="997" ind1=" " ind2=" ">
    <subfield code="a">MARS</subfield>
  </datafield>
  <datafield tag="998" ind1=" " ind2=" ">
    <subfield code="c">LAC</subfield>
  </datafield>
  <datafield tag="955" ind1=" " ind2=" ">
    <subfield code="b">BENT</subfield>
    <subfield code="p">39015071737576</subfield>
    <subfield code="z">Bogdanoff, Orvo, and Ismo Söderling.  "I Feel such a Longing...": Finnish-American Postcards Exhibition Catalog.  Turku, Finland: Institute of Migration, 1988.</subfield>
  </datafield>
  <datafield tag="955" ind1=" " ind2=" ">
    <subfield code="b">BENT</subfield>
    <subfield code="p">39015071737584</subfield>
    <subfield code="z">Delaware 350: The Beginning of Finnish Migration to the New World: Exhibition Catalogue. Turku, Finland: Institute of Migration, 1988.</subfield>
  </datafield>
  <datafield tag="955" ind1=" " ind2=" ">
    <subfield code="b">BENT</subfield>
    <subfield code="p">39015071737592</subfield>
    <subfield code="z">Suomi-Opiston Viesti.  [The Message of Suomi College]     No. 2/1972.   Hancock, Mich. 1972  (a bulletin, 3-4 times a year)</subfield>
  </datafield>
  <datafield tag="955" ind1=" " ind2=" ">
    <subfield code="b">BENT</subfield>
    <subfield code="p">39015071737600</subfield>
    <subfield code="z">Suomi College Bulletin.  Hancock, Mich. 1962, no. 2</subfield>
  </datafield>
  <datafield tag="955" ind1=" " ind2=" ">
    <subfield code="b">BENT</subfield>
    <subfield code="p">39015071737618</subfield>
    <subfield code="z">Suomi College Bulletin.  Hancock, Mich. 1961, no. 4</subfield>
  </datafield>
  <datafield tag="955" ind1=" " ind2=" ">
    <subfield code="b">BENT</subfield>
    <subfield code="p">39015071737626</subfield>
    <subfield code="z">Suomi College Bulletin.  Hancock, Mich. 1961, no. 3</subfield>
  </datafield>
  <datafield tag="955" ind1=" " ind2=" ">
    <subfield code="b">BENT</subfield>
    <subfield code="p">39015071737634</subfield>
    <subfield code="z">Suomi College Bulletin.  Hancock, Mich. 1961, no. 2</subfield>
  </datafield>
  <datafield tag="955" ind1=" " ind2=" ">
    <subfield code="b">BENT</subfield>
    <subfield code="p">39015071737642</subfield>
    <subfield code="z">Suomi College Bulletin.  Hancock, Mich. 1955, no. 4</subfield>
  </datafield>
  <datafield tag="955" ind1=" " ind2=" ">
    <subfield code="b">BENT</subfield>
    <subfield code="p">39015071737659</subfield>
    <subfield code="z">Suomi College Bulletin.  Hancock, Mich. 1961, no. 1</subfield>
  </datafield>
  <datafield tag="955" ind1=" " ind2=" ">
    <subfield code="b">BENT</subfield>
    <subfield code="p">39015071737667</subfield>
    <subfield code="z">Suomi College Bulletin.  Hancock, Mich. 1960, no. 4</subfield>
  </datafield>
  <datafield tag="955" ind1=" " ind2=" ">
    <subfield code="b">BENT</subfield>
    <subfield code="p">39015071737675</subfield>
    <subfield code="z">Suomi College Bulletin.  Hancock, Mich. 1957, no. 4</subfield>
  </datafield>
  <datafield tag="955" ind1=" " ind2=" ">
    <subfield code="b">BENT</subfield>
    <subfield code="p">39015071737683</subfield>
    <subfield code="z">Suomi College Bulletin.  Hancock, Mich. 1960, no. 3</subfield>
  </datafield>
  <datafield tag="955" ind1=" " ind2=" ">
    <subfield code="b">BENT</subfield>
    <subfield code="p">39015071737691</subfield>
    <subfield code="z">Suomi College Bulletin.  Hancock, Mich. 1960, no. 2</subfield>
  </datafield>
  <datafield tag="955" ind1=" " ind2=" ">
    <subfield code="b">BENT</subfield>
    <subfield code="p">39015071737709</subfield>
    <subfield code="z">Suomi College Bulletin.  Hancock, Mich. 1960, no. 1</subfield>
  </datafield>
  <datafield tag="955" ind1=" " ind2=" ">
    <subfield code="b">BENT</subfield>
    <subfield code="p">39015071737717</subfield>
    <subfield code="z">Suomi College Bulletin.  Hancock, Mich. 1959, no. 4</subfield>
  </datafield>
  <datafield tag="955" ind1=" " ind2=" ">
    <subfield code="b">BENT</subfield>
    <subfield code="p">39015071737725</subfield>
    <subfield code="z">Suomi College Bulletin.  Hancock, Mich. 1959, no. 3</subfield>
  </datafield>
  <datafield tag="955" ind1=" " ind2=" ">
    <subfield code="b">BENT</subfield>
    <subfield code="p">39015071737733</subfield>
    <subfield code="z">Suomi College Bulletin.  Hancock, Mich. 1959, no. 2</subfield>
  </datafield>
  <datafield tag="955" ind1=" " ind2=" ">
    <subfield code="b">BENT</subfield>
    <subfield code="p">39015071737741</subfield>
    <subfield code="z">Suomi College Bulletin.  Hancock, Mich. 1959, no. 1</subfield>
  </datafield>
  <datafield tag="955" ind1=" " ind2=" ">
    <subfield code="b">BENT</subfield>
    <subfield code="p">39015071737758</subfield>
    <subfield code="z">Suomi College Bulletin.  Hancock, Mich. 1958, no. 4</subfield>
  </datafield>
  <datafield tag="955" ind1=" " ind2=" ">
    <subfield code="b">BENT</subfield>
    <subfield code="p">39015071737766</subfield>
    <subfield code="z">Suomi College Bulletin.  Hancock, Mich. 1958, no. 3</subfield>
  </datafield>
  <datafield tag="955" ind1=" " ind2=" ">
    <subfield code="b">BENT</subfield>
    <subfield code="p">39015071737774</subfield>
    <subfield code="z">Suomi College Bulletin.  Hancock, Mich. 1958, no. 2</subfield>
  </datafield>
  <datafield tag="955" ind1=" " ind2=" ">
    <subfield code="b">BENT</subfield>
    <subfield code="p">39015071737782</subfield>
    <subfield code="z">Suomi College Bulletin.  Hancock, Mich. 1958, no. 1</subfield>
  </datafield>
  <datafield tag="955" ind1=" " ind2=" ">
    <subfield code="b">BENT</subfield>
    <subfield code="p">39015071737790</subfield>
    <subfield code="z">Suomi College Bulletin.  Hancock, Mich. 1957, no. 3</subfield>
  </datafield>
  <datafield tag="955" ind1=" " ind2=" ">
    <subfield code="b">BENT</subfield>
    <subfield code="p">39015071737808</subfield>
    <subfield code="z">Suomi College Bulletin.  Hancock, Mich. 1957, no. 2</subfield>
  </datafield>
  <datafield tag="955" ind1=" " ind2=" ">
    <subfield code="b">BENT</subfield>
    <subfield code="p">39015071737816</subfield>
    <subfield code="z">Suomi College Bulletin.  Hancock, Mich. 1956, no. 3</subfield>
  </datafield>
  <datafield tag="955" ind1=" " ind2=" ">
    <subfield code="b">BENT</subfield>
    <subfield code="p">39015071737824</subfield>
    <subfield code="z">Suomi College Bulletin.  Hancock, Mich. 1956, no. 2</subfield>
  </datafield>
  <datafield tag="955" ind1=" " ind2=" ">
    <subfield code="b">BENT</subfield>
    <subfield code="p">39015071737832</subfield>
    <subfield code="z">Suomi College Bulletin.  Hancock, Mich. 1956, no. 1</subfield>
  </datafield>
  <datafield tag="955" ind1=" " ind2=" ">
    <subfield code="b">BENT</subfield>
    <subfield code="p">39015071737840</subfield>
    <subfield code="z">Suomi College Bulletin.  Hancock, Mich. 1955, no. 3</subfield>
  </datafield>
  <datafield tag="955" ind1=" " ind2=" ">
    <subfield code="b">BENT</subfield>
    <subfield code="p">39015071737857</subfield>
    <subfield code="z">Suomi College Bulletin.  Hancock, Mich. 1955, no. 2</subfield>
  </datafield>
  <datafield tag="955" ind1=" " ind2=" ">
    <subfield code="b">BENT</subfield>
    <subfield code="p">39015071737865</subfield>
    <subfield code="z">Suomi College Bulletin.  Hancock, Mich. 1955, no. 1</subfield>
  </datafield>
  <datafield tag="955" ind1=" " ind2=" ">
    <subfield code="b">BENT</subfield>
    <subfield code="p">39015071737873</subfield>
    <subfield code="z">Korkiasaari, Jouni.  Suomalaiset Maailmalla.  Turku: Siirtolaisuusinstituutti-Migrationsinstitutet, 1989.</subfield>
  </datafield>
  <datafield tag="955" ind1=" " ind2=" ">
    <subfield code="b">BENT</subfield>
    <subfield code="p">39015071737881</subfield>
    <subfield code="z">Söderling, Ismo.  Maassamuuton Ulottuvuudet.  Turku: Turun Yliopisto, 1988.</subfield>
  </datafield>
  <datafield tag="955" ind1=" " ind2=" ">
    <subfield code="b">BENT</subfield>
    <subfield code="p">39015071737899</subfield>
    <subfield code="z">Virtanen, Keijo.  Pohjois-Amerikassa olevien suomalaisten siirtolaisten ja kotimaan yhteydet 1900-luvulla.  From:  Eripainos Tornionlaakson Vuosikirjasta, 1981.  (5574)</subfield>
  </datafield>
  <datafield tag="955" ind1=" " ind2=" ">
    <subfield code="b">BENT</subfield>
    <subfield code="p">39015071737907</subfield>
    <subfield code="z">Kolehmainen, John I.  Epic of the north:  the story of Finland's Kalevala.  New York Mills, Minn., 1973. (6640)</subfield>
  </datafield>
  <datafield tag="955" ind1=" " ind2=" ">
    <subfield code="b">BENT</subfield>
    <subfield code="p">39015071737915</subfield>
    <subfield code="z">Lukukirja Amerikan suomalaisille lapsille II .  Toimittaneet Alma Haapanen, Lydia Kangas, K.H. Mannerkorpi, Miina Perttula, B.V. Rautanen.  [Textbook for Finnish-American Children.  Edited by Alma</subfield>
  </datafield>
  <datafield tag="955" ind1=" " ind2=" ">
    <subfield code="b">BENT</subfield>
    <subfield code="p">39015071737923</subfield>
    <subfield code="z">Lukukirja Amerikan suomalaisille lapsille I .  Toimittaneet Alma Haapanen, Lydia Kangas, K.H. Mannerkorpi, Miina Perttula, B.V. Rautanen.  [Textbook for Finnish-American Children.  Edited by Alma</subfield>
  </datafield>
  <datafield tag="955" ind1=" " ind2=" ">
    <subfield code="b">BENT</subfield>
    <subfield code="p">39015071737931</subfield>
    <subfield code="z">Aho, G.A. Umpuja. [Buds].  Ironwood, Mich., 1920.</subfield>
  </datafield>
  <datafield tag="955" ind1=" " ind2=" ">
    <subfield code="b">BENT</subfield>
    <subfield code="p">39015071737949</subfield>
    <subfield code="z">Köyhälistön nuija.  [The Hammer of the Proletariat] No. VI/1912.  Hancock, Mich. 1912. (a Marxist annual:  articles, poetry)</subfield>
  </datafield>
  <datafield tag="955" ind1=" " ind2=" ">
    <subfield code="b">BENT</subfield>
    <subfield code="p">39015071737956</subfield>
    <subfield code="z">Lahtinen, William, ed.  50 vuoden varrelta.  [The Past 50 Years].  Superior, Wis., 1953. (the history of Työmies (Workingman) newspaper, a Communist Finnish newspaper in America)</subfield>
  </datafield>
  <datafield tag="955" ind1=" " ind2=" ">
    <subfield code="b">BENT</subfield>
    <subfield code="p">39015071737964</subfield>
    <subfield code="z">Kolehmainen, John I., Sow the Golden Seed:  A History of the Fitchburg (Massachussetts) Finnish-American Newspaper Raivaaja (The Pioneer) 1905-1955.  Fitchburg, Mass. 1955.</subfield>
  </datafield>
  <datafield tag="955" ind1=" " ind2=" ">
    <subfield code="b">BENT</subfield>
    <subfield code="p">39015071737972</subfield>
    <subfield code="z">Alanne, V.S., Kuluttajaosuustoiminnan perusteet.  [The Basic Features of the Co-operative Movement] Superior, Wis. 1937.</subfield>
  </datafield>
  <datafield tag="955" ind1=" " ind2=" ">
    <subfield code="b">BENT</subfield>
    <subfield code="p">39015071737980</subfield>
    <subfield code="z">van Cleef, Eugene, Finland - the Republic Farthest North.  The Response of Finnish Life to its Geographic Environment. (one chapter on Finnish immigration)</subfield>
  </datafield>
  <datafield tag="955" ind1=" " ind2=" ">
    <subfield code="b">BENT</subfield>
    <subfield code="p">39015071737998</subfield>
    <subfield code="z">Manual of the United States.  For the Information of Immigrants.  Washington, D.C. 1921</subfield>
  </datafield>
  <datafield tag="955" ind1=" " ind2=" ">
    <subfield code="b">BENT</subfield>
    <subfield code="p">39015071738004</subfield>
    <subfield code="z">Ilmonen, S.  John Morton.  Signer of the Declaration of Independence of the United States of America.  Translated by John Wargelin.  Hancock, Mich. 1937.</subfield>
  </datafield>
  <datafield tag="955" ind1=" " ind2=" ">
    <subfield code="b">BENT</subfield>
    <subfield code="p">39015071738012</subfield>
    <subfield code="z">Syyslehti.  Suomi-Raamattukoulu.  [The Autumn Paper.  Suomi-Bible School 1928] Hancock, Mich. 1928 (the Bible school of Suomi College 1927-28; essays)</subfield>
  </datafield>
  <datafield tag="955" ind1=" " ind2=" ">
    <subfield code="b">BENT</subfield>
    <subfield code="p">39015071738020</subfield>
    <subfield code="z">Kansanvalistus-Seuran Kalenteri.  [The Calendar of the People's Education Society] 1905 .I.  Brooklyn, NY 1905.(almanac, statistics, articles)</subfield>
  </datafield>
  <datafield tag="955" ind1=" " ind2=" ">
    <subfield code="b">BENT</subfield>
    <subfield code="p">39015071738038</subfield>
    <subfield code="z">Virtanen, Keijo.  The migration of Finnish-Americans to Florida after World War II.  From:  Turun Historiallinen Arkisto 31, 1976.</subfield>
  </datafield>
  <datafield tag="955" ind1=" " ind2=" ">
    <subfield code="b">BENT</subfield>
    <subfield code="p">39015071738046</subfield>
    <subfield code="z">Arminen, K.V., English and Finnish Dictionary.  Third, revised edition.  Hancock, Mich. 1914.</subfield>
  </datafield>
  <datafield tag="955" ind1=" " ind2=" ">
    <subfield code="b">BENT</subfield>
    <subfield code="p">39015071738053</subfield>
    <subfield code="z">Suomian 1949.  Suomi College, Hancock, Michigan.</subfield>
  </datafield>
  <datafield tag="955" ind1=" " ind2=" ">
    <subfield code="b">BENT</subfield>
    <subfield code="p">39015071738061</subfield>
    <subfield code="z">Ruokasmake, John, Tunnetko Jumalaa luomisen töissä?  [Do You Know Your God?]  Hancock, Mich. 1932. (religious novel)</subfield>
  </datafield>
  <datafield tag="955" ind1=" " ind2=" ">
    <subfield code="b">BENT</subfield>
    <subfield code="p">39015071738079</subfield>
    <subfield code="z">Hillilä, Hugo, Valinkauhassa.  [The Choice].  Hancock, Mich. 1950. (religious poetry)</subfield>
  </datafield>
  <datafield tag="955" ind1=" " ind2=" ">
    <subfield code="b">BENT</subfield>
    <subfield code="p">39015071738087</subfield>
    <subfield code="z">Hillalä, Hugo, Tuokiokuvia II.  [Moments II] Hancock, Mich. 1944. (poetry)</subfield>
  </datafield>
  <datafield tag="955" ind1=" " ind2=" ">
    <subfield code="b">BENT</subfield>
    <subfield code="p">39015071738095</subfield>
    <subfield code="z">Hillilä, Hugo, [t.p. missing.  Possibly Tuokiokuvia] n.p. 1917. (poetry)</subfield>
  </datafield>
  <datafield tag="955" ind1=" " ind2=" ">
    <subfield code="b">BENT</subfield>
    <subfield code="p">39015071738103</subfield>
    <subfield code="z">"Koivun Visa," Rauniola Suomesta ja Amerikasta.  [Rauniola from Finland and America].  Hancock, Mich.  1915. (novel)</subfield>
  </datafield>
  <datafield tag="955" ind1=" " ind2=" ">
    <subfield code="b">BENT</subfield>
    <subfield code="p">39015071738111</subfield>
    <subfield code="z">Doyle, Conan., Verenimijän uhri.  Toinen-osa.  [The Victim of the Vampire.  Second Part.] Kaleva, Mich. 1907. (a novel, translation)</subfield>
  </datafield>
  <datafield tag="955" ind1=" " ind2=" ">
    <subfield code="b">BENT</subfield>
    <subfield code="p">39015071738129</subfield>
    <subfield code="z">Finnish-American novel, No place, no date. (no title page)</subfield>
  </datafield>
  <datafield tag="955" ind1=" " ind2=" ">
    <subfield code="b">BENT</subfield>
    <subfield code="p">39015071738137</subfield>
    <subfield code="z">Jokai, Mauri, Hiuskihara. Historiallinen romaani.  [Hair. Historical Novel] Brooklyn, N.Y. 1899. (translation)</subfield>
  </datafield>
  <datafield tag="955" ind1=" " ind2=" ">
    <subfield code="b">BENT</subfield>
    <subfield code="p">39015071738145</subfield>
    <subfield code="z">Luoto, Lauri, Kamaran sankarit.  Valkosen leijonan metsästäjät.  II:nen osa.  [The Heroes of Kamara.  Hunters of the White Lion.  Part II.] Superior, Wis. 1927. (a novel describing the Finnish Civi</subfield>
  </datafield>
  <datafield tag="955" ind1=" " ind2=" ">
    <subfield code="b">BENT</subfield>
    <subfield code="p">39015071738152</subfield>
    <subfield code="z">Freytag, Gustav, Ingraban.  Historiallinen romaani.  [Ingrabam.  Historical Novel] Hancock, Mich. 1909. (translation)</subfield>
  </datafield>
  <datafield tag="955" ind1=" " ind2=" ">
    <subfield code="b">BENT</subfield>
    <subfield code="p">39015071738160</subfield>
    <subfield code="z">Nuori Suomi.  Amerikan suomalaisten joulualbumi IV.  Duluth, Minn. 1906.  Also, no. V, 1907. (Bound together)</subfield>
  </datafield>
  <datafield tag="955" ind1=" " ind2=" ">
    <subfield code="b">BENT</subfield>
    <subfield code="p">39015071738178</subfield>
    <subfield code="z">Parkkila, John.  Siirtolaisen kannel.  [The Immigrant's Harp].  Hancock, Mich. 1907.</subfield>
  </datafield>
  <datafield tag="955" ind1=" " ind2=" ">
    <subfield code="b">BENT</subfield>
    <subfield code="p">39015071738186</subfield>
    <subfield code="z">Johansson, Matti, Manifestin maininkeja.  [Waves of the Manifesto] Hancock, Mich. 1904. (poetry dealing with the Manifesto the Russians gave to Finland in 1899.  The purpose of the Manifesto was to bi</subfield>
  </datafield>
  <datafield tag="955" ind1=" " ind2=" ">
    <subfield code="b">BENT</subfield>
    <subfield code="p">39015071738194</subfield>
    <subfield code="z">"Koivun Visa," Rauniolta. Hancock, Mich. 1918. (religious poetry)</subfield>
  </datafield>
  <datafield tag="955" ind1=" " ind2=" ">
    <subfield code="b">BENT</subfield>
    <subfield code="p">39015071738202</subfield>
    <subfield code="z">Salonen, Alex., Rulkurin Rujilla.  Rokoelma runoja.  Hancock, Mich., 1902. (poetry (5722))</subfield>
  </datafield>
  <datafield tag="955" ind1=" " ind2=" ">
    <subfield code="b">BENT</subfield>
    <subfield code="p">39015071738210</subfield>
    <subfield code="z">Stevenson, R.L., Aarresaari.  [Treasure Island] Kaleva, Mich., 1904. (translation, novel)</subfield>
  </datafield>
  <datafield tag="955" ind1=" " ind2=" ">
    <subfield code="b">BENT</subfield>
    <subfield code="p">39015071738228</subfield>
    <subfield code="z">Cobb, Sylvanus, Jr., Itämaan helmi.  Kertomus. [The Pearl of the East] Second Printing.  Kaleva, Mich. 1907. (translation, novel)</subfield>
  </datafield>
  <datafield tag="955" ind1=" " ind2=" ">
    <subfield code="b">BENT</subfield>
    <subfield code="p">39015071738236</subfield>
    <subfield code="z">Haggard, H. Rider, Aarteen etsijät eli Sumun kansa.  [Treasure Hunters or People of the Fog].  New York Mills, Minn. 1902. (translation, novel) - translation, novel</subfield>
  </datafield>
  <datafield tag="955" ind1=" " ind2=" ">
    <subfield code="b">BENT</subfield>
    <subfield code="p">39015071738244</subfield>
    <subfield code="z">Andrejew, Leonid, Valhe.  [A Lie] Kaleva, Mich. 1907. (a short story, translation)</subfield>
  </datafield>
  <datafield tag="955" ind1=" " ind2=" ">
    <subfield code="b">BENT</subfield>
    <subfield code="p">39015071738251</subfield>
    <subfield code="z">Almanakka vuodeksi 1953.  [Almanac for 1953].  Hancock, Mich. 1952.</subfield>
  </datafield>
  <datafield tag="955" ind1=" " ind2=" ">
    <subfield code="b">BENT</subfield>
    <subfield code="p">39015071738269</subfield>
    <subfield code="z">Siionin kannel. 709-734 tuhat. 1961</subfield>
  </datafield>
  <datafield tag="955" ind1=" " ind2=" ">
    <subfield code="b">BENT</subfield>
    <subfield code="p">39015071738277</subfield>
    <subfield code="z">[Unidentified hymnal in Finnish, n.p., n.d.]</subfield>
  </datafield>
  <datafield tag="955" ind1=" " ind2=" ">
    <subfield code="b">BENT</subfield>
    <subfield code="p">39015071738285</subfield>
    <subfield code="z">Raittiuslaulukirja.  Raittiusjuhlia, huwimatkoja ja raittiuskokoukjia warten.  Hancock, Mich., 1899.</subfield>
  </datafield>
  <datafield tag="955" ind1=" " ind2=" ">
    <subfield code="b">BENT</subfield>
    <subfield code="p">39015071738293</subfield>
    <subfield code="z">Matkalla.  Taskulaulukirja.  [Traveling.  A Pocket Song Book] Hancock, Mich. 1918. (religious songs)</subfield>
  </datafield>
  <datafield tag="955" ind1=" " ind2=" ">
    <subfield code="b">BENT</subfield>
    <subfield code="p">39015071738301</subfield>
    <subfield code="z">Siionin lauluja.  Toimittanut Suomi-Synodi.  [Songs of Zion.  Edited by Suomi Synod] Second, revised edition.  Hancock, Mich. 1924. (religious songs)</subfield>
  </datafield>
  <datafield tag="955" ind1=" " ind2=" ">
    <subfield code="b">BENT</subfield>
    <subfield code="p">39015071738319</subfield>
    <subfield code="z">Immonen, Kari.  Talous, Kulttuuri ja kansainväliset suhteet. (University of Turku, 1979)</subfield>
  </datafield>
  <datafield tag="955" ind1=" " ind2=" ">
    <subfield code="b">BENT</subfield>
    <subfield code="p">39015071738327</subfield>
    <subfield code="z">Pulli, E.A., Sota Pohjan perillä.  Miksi Suomessa käytiin sotaa ja mitä sen aikana tapahtui.  [The War in the North.  Why There was a War and What Happened While It Lasted]  Duluth, Minn. 1940. (st</subfield>
  </datafield>
  <datafield tag="955" ind1=" " ind2=" ">
    <subfield code="b">BENT</subfield>
    <subfield code="p">39015071738335</subfield>
    <subfield code="z">"Munkki Iliodor," Venäjän keisarillisen perheen salaisuuksia.  [The Secrets of the Russian Tsarist Family]  Duluth, Minn. 1917. (translation)</subfield>
  </datafield>
  <datafield tag="955" ind1=" " ind2=" ">
    <subfield code="b">BENT</subfield>
    <subfield code="p">39015071738343</subfield>
    <subfield code="z">Sulkanen, Elis, Pysvvä rauha tai ihmiskunnan tuho.  Yhteis-kunnallinen tutkimus rauhan perusteista; suurvaltapolitiikka ja pienet maat.  Katsaus Suomen asemaan maailmansodan aikana.  [Lasting Peace o</subfield>
  </datafield>
  <datafield tag="955" ind1=" " ind2=" ">
    <subfield code="b">BENT</subfield>
    <subfield code="p">39015071738350</subfield>
    <subfield code="z">Suomalainen Virsikirja evankelis-luteerilaisille seruakunnille Suomessa ja Amerikan Yhdysvalloissa.  [Finnish Hymn Book for Evangelic-Lutheran Congregations in Finland and in the United States] Hancoc</subfield>
  </datafield>
  <datafield tag="955" ind1=" " ind2=" ">
    <subfield code="b">BENT</subfield>
    <subfield code="p">39015071738368</subfield>
    <subfield code="z">Suomen Evankelis-Lutherisen kirkon katekismus.  [The Official Textbook of the Finnish Evangelic-Lutheran Church] Hancock, Mich. 1929</subfield>
  </datafield>
  <datafield tag="955" ind1=" " ind2=" ">
    <subfield code="b">BENT</subfield>
    <subfield code="p">39015071738376</subfield>
    <subfield code="z">Suomen Evankelis-Lutherisen kirkon katekismus.  [The Official Textbook of the Finnish Evangelic-Lutheran Church] Hancock, Mich. 1918</subfield>
  </datafield>
  <datafield tag="955" ind1=" " ind2=" ">
    <subfield code="b">BENT</subfield>
    <subfield code="p">39015071738384</subfield>
    <subfield code="z">Suomalainen Virsikirja evankelis-lutherilaisille seurakunnille.  [Finnish Hymn Book for Evangelic-Lutheran Congregations]  Turku, Finland 1889.</subfield>
  </datafield>
  <datafield tag="955" ind1=" " ind2=" ">
    <subfield code="b">BENT</subfield>
    <subfield code="p">39015071738392</subfield>
    <subfield code="z">Raamatun tutkisteluja.  Ensimäinen osa.  Jumalallinen aikakausien suunnitelma.  [The Studies of the Bible.  First part.  A Plan for the Periods of God].  Brooklyn, N.Y. no date.</subfield>
  </datafield>
  <datafield tag="955" ind1=" " ind2=" ">
    <subfield code="b">BENT</subfield>
    <subfield code="p">39015071738400</subfield>
    <subfield code="z">Raamatun Historia.  Amerikan suomalaista nuorisoa varten.  Toimittanut J.K. Nikander. [The History of the Bible.  For the Finnish-American Youth.  Edited by J.K. Nikander] Hancock, Mich. 1915.</subfield>
  </datafield>
  <datafield tag="955" ind1=" " ind2=" ">
    <subfield code="b">BENT</subfield>
    <subfield code="p">39015071738418</subfield>
    <subfield code="z">Rutherford, J.F., Jumalan harppu.  Todistaa sitovasti, että miljoonat nykyisin elävistä eivät koskaan kuole.  Tekstikirja Raamatun tutkimista varten erikoisesti sovellettu aloittelijoille; lukuisi</subfield>
  </datafield>
  <datafield tag="955" ind1=" " ind2=" ">
    <subfield code="b">BENT</subfield>
    <subfield code="p">39015071738426</subfield>
    <subfield code="z">Wasunta, Arne.  Usko, rukous ja farisealaisuus [Faith, Prayer, and Pharisaism].  Ironwood, Mich., 1922.</subfield>
  </datafield>
  <datafield tag="955" ind1=" " ind2=" ">
    <subfield code="b">BENT</subfield>
    <subfield code="p">39015071738434</subfield>
    <subfield code="z">Torvinen, John.  Terveellinen oppi.  Calumet, Mich. 1938.</subfield>
  </datafield>
  <datafield tag="955" ind1=" " ind2=" ">
    <subfield code="b">BENT</subfield>
    <subfield code="p">39015071738442</subfield>
    <subfield code="z">Torvinen, John.  Jesus Kristus on tie syntisille uskon kautta vanhurskauteen, elämään ja rauhaan.  Hancock, Mich., [n.d.]</subfield>
  </datafield>
  <datafield tag="955" ind1=" " ind2=" ">
    <subfield code="b">BENT</subfield>
    <subfield code="p">39015071738459</subfield>
    <subfield code="z">Paananen, Emil J. Armoitettuja [The Blessed].  Hancock, Mich., [1947?].</subfield>
  </datafield>
  <datafield tag="955" ind1=" " ind2=" ">
    <subfield code="b">BENT</subfield>
    <subfield code="p">39015071738467</subfield>
    <subfield code="z">Kukkonen, Walter J. Onko koko maailma autuas?  Hancock, Mich., 1953.</subfield>
  </datafield>
  <datafield tag="955" ind1=" " ind2=" ">
    <subfield code="b">BENT</subfield>
    <subfield code="p">39015071738475</subfield>
    <subfield code="z">Kevät-Albumi 1902.  [Spring Album 1902] Hancock, Mich. 1902.</subfield>
  </datafield>
  <datafield tag="955" ind1=" " ind2=" ">
    <subfield code="b">BENT</subfield>
    <subfield code="p">39015071738483</subfield>
    <subfield code="z">Rauhankokous ja pääpiirteitä Amerikan suomalaisten raittiustyön historiasta.  [The Peace Meeting and Main Characteristics of the History of the Finnish-American Temperance Movement]  Hancock, Mich</subfield>
  </datafield>
  <datafield tag="955" ind1=" " ind2=" ">
    <subfield code="b">BENT</subfield>
    <subfield code="p">39015071738491</subfield>
    <subfield code="z">Kylvömailta.  Suomi-Synodin entisten ja nykyisten pappien saarnoja.  Toisen vuosikerran evankeliumiteksteista.  [From Sowing Fields.  Sermons of the Pastors of Suomi Synod]  Hancock, Mich. 1928.</subfield>
  </datafield>
  <datafield tag="955" ind1=" " ind2=" ">
    <subfield code="b">BENT</subfield>
    <subfield code="p">39015071738509</subfield>
    <subfield code="z">Helsinki University Library.  List of Finnish and foreign newspapers on microfilm. 1965.</subfield>
  </datafield>
  <datafield tag="955" ind1=" " ind2=" ">
    <subfield code="b">BENT</subfield>
    <subfield code="p">39015071738517</subfield>
    <subfield code="z">Joulu [Christmas] 1958.  Duluth, Minn. 1958. (Finnish-American independent Finnish language magazine)</subfield>
  </datafield>
  <datafield tag="955" ind1=" " ind2=" ">
    <subfield code="b">BENT</subfield>
    <subfield code="p">39015071738525</subfield>
    <subfield code="z">Nuorten Ystävä.  Omistettu Idän piirin Kr. Nuorisoyhdis-tyksille. 1921. [The Friend of Young People.  Dedicated to the</subfield>
  </datafield>
  <datafield tag="955" ind1=" " ind2=" ">
    <subfield code="b">BENT</subfield>
    <subfield code="p">39015071738533</subfield>
    <subfield code="z">Heräävä nuoriso.  [Young People Awakening] No. 12/1936.  Lapua, Finland. (religious periodical)</subfield>
  </datafield>
  <datafield tag="955" ind1=" " ind2=" ">
    <subfield code="b">BENT</subfield>
    <subfield code="p">39015071738541</subfield>
    <subfield code="z">Messiah Lutheran Church (Duluth, Minn.).  Church Directory.  Duluth, Minn. 1972.</subfield>
  </datafield>
  <datafield tag="955" ind1=" " ind2=" ">
    <subfield code="b">BENT</subfield>
    <subfield code="p">39015071738558</subfield>
    <subfield code="z">Nuorison ystävä.  [Young People's Friend] No. 4/1954.  Helsinki 1954. (religious periodical; essays)</subfield>
  </datafield>
  <datafield tag="955" ind1=" " ind2=" ">
    <subfield code="b">BENT</subfield>
    <subfield code="p">39015071738566</subfield>
    <subfield code="z">Isien kirkko.  Suomi-Synodin Ohio - Pa. piirin kevätjulkaisu 1929.  [The Church of Fathers.  The Spring Publication of Suomi Synod, Ohio - Pennsylvania District 1929]  Hancock, Mich. 1929. (religious</subfield>
  </datafield>
  <datafield tag="955" ind1=" " ind2=" ">
    <subfield code="b">BENT</subfield>
    <subfield code="p">39015071738574</subfield>
    <subfield code="z">Suomi-Konferenssin 5.  vuosijuhlat kesäkuun 16, 17, 18, 1967.  St. Ansgarin luterilainen kirkko, Lawrence Avenue, and Avenue Road, Toronto, Ontario, Canada.  [The 5th Anniversary Celebration of Suomi</subfield>
  </datafield>
  <datafield tag="955" ind1=" " ind2=" ">
    <subfield code="b">BENT</subfield>
    <subfield code="p">39015071738582</subfield>
    <subfield code="z">Luterilainen.  Luterilainen perhelehti.  [The Lutheran.  A Lutheran Family Magazine.  Christmas Number 1959] Lahti, Finland 1959</subfield>
  </datafield>
  <datafield tag="955" ind1=" " ind2=" ">
    <subfield code="b">BENT</subfield>
    <subfield code="p">39015071738590</subfield>
    <subfield code="z">Luterilainen.  Luterilainen perhelehti.  [The Lutheran.  A Lutheran Family Magazine.  Christmas Number 1957] Lahti, Finland 1957</subfield>
  </datafield>
  <datafield tag="955" ind1=" " ind2=" ">
    <subfield code="b">BENT</subfield>
    <subfield code="p">39015071738608</subfield>
    <subfield code="z">Suomi Kirkko 1891-1941.  Fairport Harbor, Ohio.  Riemuvuoden julkaisu.  [Suomi Church 1891-1941,  Fairport Harbor, Ohio.  Publication for the Jubilation Year].  Hancock, Mich. 1941.</subfield>
  </datafield>
  <datafield tag="955" ind1=" " ind2=" ">
    <subfield code="b">BENT</subfield>
    <subfield code="p">39015071738616</subfield>
    <subfield code="z">Valoa.  Amerikan suomalaisen raittiuskansan kesäjulkaisu 1944.  [Light.  The Summer Publication of Finnish-American Temperance People] n.p. 1944.</subfield>
  </datafield>
  <datafield tag="955" ind1=" " ind2=" ">
    <subfield code="b">BENT</subfield>
    <subfield code="p">39015071738624</subfield>
    <subfield code="z">Build and Grow.  Suomi Zion Lutheran Church.  Fairport Harbor, Ohio.  n.p., n.d. (a publication to get money for the new building)</subfield>
  </datafield>
  <datafield tag="955" ind1=" " ind2=" ">
    <subfield code="b">BENT</subfield>
    <subfield code="p">39015071738632</subfield>
    <subfield code="z">Suomi Zion Lutheran Church, Fairport Harbor, Ohio.  Annual Report 1961</subfield>
  </datafield>
  <datafield tag="955" ind1=" " ind2=" ">
    <subfield code="b">BENT</subfield>
    <subfield code="p">39015071738640</subfield>
    <subfield code="z">Suomi Zion Lutheran Church, Fairport Harbor, Ohio.  Annual Report 1957</subfield>
  </datafield>
  <datafield tag="955" ind1=" " ind2=" ">
    <subfield code="b">BENT</subfield>
    <subfield code="p">39015071738657</subfield>
    <subfield code="z">Suomi Zion Lutheran Church.  Fairport Harbor, Ohio.  Luther Center.  Dedication.  Sunday, September 29, 1957.  n.p. 1957.</subfield>
  </datafield>
  <datafield tag="955" ind1=" " ind2=" ">
    <subfield code="b">BENT</subfield>
    <subfield code="p">39015071738665</subfield>
    <subfield code="z">Nuorison kevät 1920.  I.A.S.E.L.K.N.Y:n liiton kevätjulkaisu.  [The Spring of Youth.  The Spring Publication of the League of Finnish Evangelical Lutheran Young People's Association of Eastern Ameri</subfield>
  </datafield>
  <datafield tag="955" ind1=" " ind2=" ">
    <subfield code="b">BENT</subfield>
    <subfield code="p">39015071738673</subfield>
    <subfield code="z">Pajala, Toivo, Eräs ajan merkki.  [A Sign of Today] Vancouver B.C. 1965. (religious essay)</subfield>
  </datafield>
  <datafield tag="955" ind1=" " ind2=" ">
    <subfield code="b">BENT</subfield>
    <subfield code="p">39015071738681</subfield>
    <subfield code="z">Sanansaattaja.  [The Apostle] No. 12/1961.  Helsinki 1961. (religious periodical; essays)</subfield>
  </datafield>
  <datafield tag="955" ind1=" " ind2=" ">
    <subfield code="b">BENT</subfield>
    <subfield code="p">39015071738699</subfield>
    <subfield code="z">The Lutheran Counselor.  Hancock, Mich.  June 1, 1962</subfield>
  </datafield>
  <datafield tag="955" ind1=" " ind2=" ">
    <subfield code="b">BENT</subfield>
    <subfield code="p">39015071738707</subfield>
    <subfield code="z">The Lutheran Counselor.  Hancock, Mich.  June 16, 1960 (Suomi Synod 70th Anniversary Issue)</subfield>
  </datafield>
  <datafield tag="955" ind1=" " ind2=" ">
    <subfield code="b">BENT</subfield>
    <subfield code="p">39015071738715</subfield>
    <subfield code="z">The Lutheran Counselor.  Hancock, Mich.  August 1, 1958</subfield>
  </datafield>
  <datafield tag="955" ind1=" " ind2=" ">
    <subfield code="b">BENT</subfield>
    <subfield code="p">39015071738723</subfield>
    <subfield code="z">The Lutheran Counselor.  Hancock, Mich.  July 16, 1958</subfield>
  </datafield>
  <datafield tag="955" ind1=" " ind2=" ">
    <subfield code="b">BENT</subfield>
    <subfield code="p">39015071738731</subfield>
    <subfield code="z">The Lutheran Counselor.  Hancock, Mich.  July 1, 1958</subfield>
  </datafield>
  <datafield tag="955" ind1=" " ind2=" ">
    <subfield code="b">BENT</subfield>
    <subfield code="p">39015071738756</subfield>
    <subfield code="z">Suomalainen.  Yhdysvaltain ja Canadan Suomi-konferenssin kuukausijulkaisu.  [The Finn.  Monthly Bulletin of Suomi Conference in USA and Canada] 9 Numbers:  Joulukuu 1964</subfield>
  </datafield>
  <datafield tag="955" ind1=" " ind2=" ">
    <subfield code="b">BENT</subfield>
    <subfield code="p">39015071738764</subfield>
    <subfield code="z">Suomalainen.  Yhdysvaltain ja Canadan Suomi-konferenssin kuukausijulkaisu.  [The Finn.  Monthly Bulletin of Suomi Conference in USA and Canada] 9 Numbers:  Toukokuu 1964</subfield>
  </datafield>
  <datafield tag="955" ind1=" " ind2=" ">
    <subfield code="b">BENT</subfield>
    <subfield code="p">39015071738772</subfield>
    <subfield code="z">Suomalainen.  Yhdysvaltain ja Canadan Suomi-konferenssin kuukausijulkaisu.  [The Finn.  Monthly Bulletin of Suomi Conference in USA and Canada] 9 Numbers:  Huhtikuu 1964</subfield>
  </datafield>
  <datafield tag="955" ind1=" " ind2=" ">
    <subfield code="b">BENT</subfield>
    <subfield code="p">39015071738780</subfield>
    <subfield code="z">Suomalainen.  Yhdysvaltain ja Canadan Suomi-konferenssin kuukausijulkaisu.  [The Finn.  Monthly Bulletin of Suomi Conference in USA and Canada] 9 Numbers:  Tammikuu 1964</subfield>
  </datafield>
  <datafield tag="955" ind1=" " ind2=" ">
    <subfield code="b">BENT</subfield>
    <subfield code="p">39015071738798</subfield>
    <subfield code="z">Suomalainen.  Yhdysvaltain ja Canadan Suomi-konferenssin kuukausijulkaisu.  [The Finn.  Monthly Bulletin of Suomi Conference in USA and Canada] 9 Numbers:  Heinakuu 1963</subfield>
  </datafield>
  <datafield tag="955" ind1=" " ind2=" ">
    <subfield code="b">BENT</subfield>
    <subfield code="p">39015071738806</subfield>
    <subfield code="z">Suomalainen.  Yhdysvaltain ja Canadan Suomi-konferenssin kuukausijulkaisu.  [The Finn.  Monthly Bulletin of Suomi Conference in USA and Canada] 9 Numbers:  Toukokuu 1963</subfield>
  </datafield>
  <datafield tag="955" ind1=" " ind2=" ">
    <subfield code="b">BENT</subfield>
    <subfield code="p">39015071738814</subfield>
    <subfield code="z">Suomalainen.  Yhdysvaltain ja Canadan Suomi-konferenssin kuukausijulkaisu.  [The Finn.  Monthly Bulletin of Suomi Conference in USA and Canada] 9 Numbers:  Huhtikuu 1963</subfield>
  </datafield>
  <datafield tag="955" ind1=" " ind2=" ">
    <subfield code="b">BENT</subfield>
    <subfield code="p">39015071738822</subfield>
    <subfield code="z">Suomalainen.  Yhdysvaltain ja Canadan Suomi-konferenssin kuukausijulkaisu.  [The Finn.  Monthly Bulletin of Suomi Conference in USA and Canada] 9 Numbers:  Helmikuu 1963</subfield>
  </datafield>
  <datafield tag="955" ind1=" " ind2=" ">
    <subfield code="b">BENT</subfield>
    <subfield code="p">39015071738830</subfield>
    <subfield code="z">Suomalainen.  Yhdysvaltain ja Canadan Suomi-konferenssin kuukausijulkaisu.  [The Finn.  Monthly Bulletin of Suomi Conference in USA and Canada] 9 Numbers:  Joulukuu 1962</subfield>
  </datafield>
  <datafield tag="955" ind1=" " ind2=" ">
    <subfield code="b">BENT</subfield>
    <subfield code="p">39015071738848</subfield>
    <subfield code="z">Kalevainen [The Kaleva People].  1961.  Hancock, Mich.; Brooklyn, N.Y. (a magazine for the Ladies and Knights of Kaleva)</subfield>
  </datafield>
  <datafield tag="955" ind1=" " ind2=" ">
    <subfield code="b">BENT</subfield>
    <subfield code="p">39015071738855</subfield>
    <subfield code="z">Kalevainen [The Kaleva People].  1960.  Hancock, Mich.; Brooklyn, N.Y. (a magazine for the Ladies and Knights of Kaleva)</subfield>
  </datafield>
  <datafield tag="955" ind1=" " ind2=" ">
    <subfield code="b">BENT</subfield>
    <subfield code="p">39015071738863</subfield>
    <subfield code="z">Kalevainen [The Kaleva People].  1958.  Hancock, Mich.; Brooklyn, N.Y. (a magazine for the Ladies and Knights of Kaleva)</subfield>
  </datafield>
  <datafield tag="955" ind1=" " ind2=" ">
    <subfield code="b">BENT</subfield>
    <subfield code="p">39015071738871</subfield>
    <subfield code="z">Kalevainen [The Kaleva People].  1957.  Hancock, Mich.; Brooklyn, N.Y. (a magazine for the Ladies and Knights of Kaleva)</subfield>
  </datafield>
  <datafield tag="955" ind1=" " ind2=" ">
    <subfield code="b">BENT</subfield>
    <subfield code="p">39015071738889</subfield>
    <subfield code="z">Kalevainen [The Kaleva People].  1956.  Hancock, Mich.; Brooklyn, N.Y. (a magazine for the Ladies and Knights of Kaleva)</subfield>
  </datafield>
  <datafield tag="955" ind1=" " ind2=" ">
    <subfield code="b">BENT</subfield>
    <subfield code="p">39015071738897</subfield>
    <subfield code="z">Kalevainen [The Kaleva People].  1954.  Hancock, Mich.; Brooklyn, N.Y. (a magazine for the Ladies and Knights of Kaleva)</subfield>
  </datafield>
  <datafield tag="955" ind1=" " ind2=" ">
    <subfield code="b">BENT</subfield>
    <subfield code="p">39015071738905</subfield>
    <subfield code="z">Kalevainen [The Kaleva People].  1947.  Hancock, Mich.; Brooklyn, N.Y. (a magazine for the Ladies and Knights of Kaleva)</subfield>
  </datafield>
  <datafield tag="955" ind1=" " ind2=" ">
    <subfield code="b">BENT</subfield>
    <subfield code="p">39015071738913</subfield>
    <subfield code="z">Kalevainen [The Kaleva People].  1944.  Hancock, Mich.; Brooklyn, N.Y. (a magazine for the Ladies and Knights of Kaleva)</subfield>
  </datafield>
  <datafield tag="955" ind1=" " ind2=" ">
    <subfield code="b">BENT</subfield>
    <subfield code="p">39015071738921</subfield>
    <subfield code="z">Kalevainen [The Kaleva People].  1943.  Hancock, Mich.; Brooklyn, N.Y. (a magazine for the Ladies and Knights of Kaleva)</subfield>
  </datafield>
  <datafield tag="955" ind1=" " ind2=" ">
    <subfield code="b">BENT</subfield>
    <subfield code="p">39015071738939</subfield>
    <subfield code="z">Kalevainen [The Kaleva People].  1941.  Hancock, Mich.; Brooklyn, N.Y. (a magazine for the Ladies and Knights of Kaleva)</subfield>
  </datafield>
  <datafield tag="955" ind1=" " ind2=" ">
    <subfield code="b">BENT</subfield>
    <subfield code="p">39015071738947</subfield>
    <subfield code="z">Kalevainen [The Kaleva People].  1939.  Hancock, Mich.; Brooklyn, N.Y. (a magazine for the Ladies and Knights of Kaleva)</subfield>
  </datafield>
  <datafield tag="955" ind1=" " ind2=" ">
    <subfield code="b">BENT</subfield>
    <subfield code="p">B1691449</subfield>
  </datafield>
  <datafield tag="955" ind1=" " ind2=" ">
    <subfield code="b">BENT</subfield>
    <subfield code="p">B2847496</subfield>
  </datafield>
</record>
